00527cas a22002171a 4500
001 9917737703502836
003 Nz
005 20161223172953.0
008 040105d19781979nz  r ne      0   0 eng d
035    $a (OCoLC)870974427
035    $a (Nz)8160051
035    $a (NLNZils)1773770-ilsdb
040    $a WN $c WN
042    $a nznb
043    $a u-nz---
245 00 $a Kamo klarion.
260    $a Kamo [N.Z.]
310    $a Monthly
362 0  $a 1978 Sep.4-1979?
651  0 $a Kamo (N.Z.) $v Newspapers.
655  7 $a New Zealand newspapers. $2 local $5 Nz
